@inproceedings{Kochetov2025,
  author   = {Kochetov, Vlad},
  title    = {Discrete Payout Profile Approximation with Vanilla European Options},
  year     = {2025},
  url      = {to be added}
}
