@article{Carr01012001,
	author = {P. Carr and D. Madan},
	title = {Optimal positioning in derivative securities},
	journal = {Quantitative Finance},
	volume = {1},
	number = {1},
	pages = {19--37},
	year = {2001},
	publisher = {Routledge},
	doi = {10.1080/713665549},
	URL = {https://doi.org/10.1080/713665549},
	eprint = {https://doi.org/10.1080/713665549}
}
@article{Pokharel2024,
	author = {Pokharel, Jayanta and Aryal, Gokarna and Khanal, Netra and Tsokos, Chris},
	year = {2024},
	month = {05},
	pages = {43},
	title = {Probability Distributions for Modeling Stock Market Returnsâ€”An Empirical Inquiry},
	volume = {12},
	journal = {International Journal of Financial Studies},
	doi = {10.3390/ijfs12020043}
}
@article{Kuang2023,
	author = {Kuang, Shiyue},
	year = {2023},
	month = {04},
	pages = {478-488},
	title = {A Comparison of Linear Regression, LSTM model and ARIMA model in Predicting Stock Price A Case Study: HSBC's Stock Price},
	volume = {44},
	journal = {BCP Business \& Management},
	doi = {10.54691/bcpbm.v44i.4858}
}
@article{Li2023,
	author = {Li, Yuhan},
	year = {2023},
	month = {04},
	pages = {657-662},
	title = {Stock Price Prediction based on Multiple Regression Models},
	volume = {39},
	journal = {Highlights in Science, Engineering and Technology},
	doi = {10.54097/hset.v39i.6622}
}
@article{ansari2024chronos,
  title={Chronos: Learning the Language of Time Series},
  author={Ansari, Abdul Fatir and Stella, Lorenzo and Turkmen, Caner and Zhang, Xiyuan and Mercado, Pedro and Shen, Huibin and Shchur, Oleksandr and Rangapuram, Syama Syndar and Pineda Arango, Sebastian and Kapoor, Shubham and Zschiegner, Jasper and Maddix, Danielle C. and Mahoney, Michael W. and Torkkola, Kari and Gordon Wilson, Andrew and Bohlke-Schneider, Michael and Wang, Yuyang},
  journal={Transactions on Machine Learning Research},
  issn={2835-8856},
  year={2024},
  url={https://openreview.net/forum?id=gerNCVqqtR}
}
@article{BlackScholes1973,
    author = {Black, Fischer and Scholes, Myron},
    year = {1973},
    title = {The Pricing of Options and Corporate Liabilities},
    journal = {Journal of Political Economy},
    volume = {81},
    pages = {637-654},
    doi = {10.1086/260062},
    URL = {https://doi.org/10.1086/260062}
}
