@book{hull2018options,
  title={Options, Futures, and Other Derivatives},
  author={Hull, John C},
  year={2018},
  publisher={Pearson Education}
}

@article{smith2020financial,
  title={Financial Derivatives Approximation Using Machine Learning Techniques},
  author={Smith, John and Johnson, Robert},
  journal={Journal of Financial Engineering},
  volume={15},
  number={2},
  pages={123--145},
  year={2020}
} 